<record><leader>00000cas a22000007a 4500</leader><controlfield tag="001">40831114</controlfield><controlfield tag="008">990220d189u190uinuwr ne      0    0eng d</controlfield><datafield ind1=" " ind2=" " tag="010"><subfield code="a">sn 98063107 </subfield><subfield code="z">sn 98631078 </subfield></datafield><datafield ind1=" " ind2=" " tag="040"><subfield code="a">NPI</subfield><subfield code="b">eng</subfield><subfield code="c">NPI</subfield><subfield code="d">DLC</subfield><subfield code="d">NPI</subfield><subfield code="d">DLC</subfield><subfield code="d">OCLCQ</subfield><subfield code="d">OCLCF</subfield><subfield code="d">OCLCO</subfield></datafield><datafield ind1=" " ind2=" " tag="042"><subfield code="a">msc</subfield></datafield><datafield ind1=" " ind2=" " tag="043"><subfield code="a">n-us-in</subfield></datafield><datafield ind1="0" ind2=" " tag="130"><subfield code="a">Record (Royal Center, Ind.)</subfield></datafield><datafield ind1="1" ind2="4" tag="245"><subfield code="a">The record.</subfield></datafield><datafield ind1="1" ind2="3" tag="246"><subfield code="a">Royal Center record</subfield></datafield><datafield ind1=" " ind2=" " tag="260"><subfield code="a">Royal Center, Cass County, Ind. :</subfield><subfield code="b">O.M. Hand</subfield></datafield><datafield ind1=" " ind2=" " tag="300"><subfield code="a">v. :</subfield><subfield code="b">ill.</subfield></datafield><datafield ind1=" " ind2=" " tag="310"><subfield code="a">Weekly</subfield></datafield><datafield ind1=" " ind2=" " tag="500"><subfield code="a">Beginning with vol. 40, no. 29 (Mar. 23, 1904), place of publication spelled Royal Centre.</subfield></datafield><datafield ind1=" " ind2=" " tag="588"><subfield code="a">Description based on: Vol. 7, no. [1] (Sept. 4, 1896).</subfield></datafield><datafield ind1=" " ind2="0" tag="651"><subfield code="a">Royal Center (Ind.)</subfield><subfield code="v">Newspapers.</subfield></datafield><datafield ind1=" " ind2="7" tag="655"><subfield code="a">Newspapers.</subfield><subfield code="2">fast</subfield><subfield code="0">(OCoLC)fst01423814</subfield></datafield><datafield ind1=" " ind2="7" tag="651"><subfield code="a">Indiana</subfield><subfield code="z">Royal Center.</subfield><subfield code="2">fast</subfield><subfield code="0">(OCoLC)fst01889719</subfield></datafield><datafield ind1=" " ind2=" " tag="752"><subfield code="a">United States</subfield><subfield code="b">Indiana</subfield><subfield code="c">Cass</subfield><subfield code="d">Royal Center.</subfield></datafield><datafield ind1="0" ind2="0" tag="780"><subfield code="t">Royal Center record</subfield><subfield code="w">(DLC)sn 87055854</subfield></datafield><datafield ind1="0" ind2="0" tag="785"><subfield code="t">Royal Centre record</subfield><subfield code="w">(DLC)sn 98063108</subfield></datafield></record>